%YAML 1.1
%TAG !u! tag:unity3d.com,2011:
--- !u!1 &3856653399231681352
GameObject:
  m_ObjectHideFlags: 0
  m_CorrespondingSourceObject: {fileID: 0}
  m_PrefabInstance: {fileID: 0}
  m_PrefabAsset: {fileID: 0}
  serializedVersion: 6
  m_Component:
  - component: {fileID: 4742131643622507729}
  m_Layer: 5
  m_Name: OtherFoodParent
  m_TagString: Untagged
  m_Icon: {fileID: 0}
  m_NavMeshLayer: 0
  m_StaticEditorFlags: 0
  m_IsActive: 1
--- !u!224 &4742131643622507729
RectTransform:
  m_ObjectHideFlags: 0
  m_CorrespondingSourceObject: {fileID: 0}
  m_PrefabInstance: {fileID: 0}
  m_PrefabAsset: {fileID: 0}
  m_GameObject: {fileID: 3856653399231681352}
  m_LocalRotation: {x: 0, y: 0, z: 0, w: 1}
  m_LocalPosition: {x: 0, y: 0, z: 0}
  m_LocalScale: {x: 0.5, y: 0.5, z: 0.5}
  m_ConstrainProportionsScale: 0
  m_Children:
  - {fileID: 2219669349699636935}
  - {fileID: 7774505315694309281}
  - {fileID: 4934248582799529384}
  - {fileID: 5275677632804533611}
  - {fileID: 1555905813848823512}
  m_Father: {fileID: 6573038046615542313}
  m_RootOrder: 0
  m_LocalEulerAnglesHint: {x: 0, y: 0, z: 0}
  m_AnchorMin: {x: 0.5, y: 0.5}
  m_AnchorMax: {x: 0.5, y: 0.5}
  m_AnchoredPosition: {x: 0, y: 0}
  m_SizeDelta: {x: 100, y: 100}
  m_Pivot: {x: 0.5, y: 0.5}
--- !u!1 &4368075389938620817
GameObject:
  m_ObjectHideFlags: 0
  m_CorrespondingSourceObject: {fileID: 0}
  m_PrefabInstance: {fileID: 0}
  m_PrefabAsset: {fileID: 0}
  serializedVersion: 6
  m_Component:
  - component: {fileID: 1555905813848823512}
  - component: {fileID: 6865285095866557310}
  - component: {fileID: 1837524707019835007}
  m_Layer: 5
  m_Name: UpHanBaoImg
  m_TagString: Untagged
  m_Icon: {fileID: 0}
  m_NavMeshLayer: 0
  m_StaticEditorFlags: 0
  m_IsActive: 1
--- !u!224 &1555905813848823512
RectTransform:
  m_ObjectHideFlags: 0
  m_CorrespondingSourceObject: {fileID: 0}
  m_PrefabInstance: {fileID: 0}
  m_PrefabAsset: {fileID: 0}
  m_GameObject: {fileID: 4368075389938620817}
  m_LocalRotation: {x: -0, y: -0, z: -0, w: 1}
  m_LocalPosition: {x: 0, y: 0, z: 0}
  m_LocalScale: {x: 2, y: 2, z: 2}
  m_ConstrainProportionsScale: 0
  m_Children: []
  m_Father: {fileID: 4742131643622507729}
  m_RootOrder: 4
  m_LocalEulerAnglesHint: {x: 0, y: 0, z: 0}
  m_AnchorMin: {x: 0.5, y: 0.5}
  m_AnchorMax: {x: 0.5, y: 0.5}
  m_AnchoredPosition: {x: 0.59992677, y: 3}
  m_SizeDelta: {x: 59.625, y: 45.9}
  m_Pivot: {x: 0.5, y: 0.5}
--- !u!222 &6865285095866557310
CanvasRenderer:
  m_ObjectHideFlags: 0
  m_CorrespondingSourceObject: {fileID: 0}
  m_PrefabInstance: {fileID: 0}
  m_PrefabAsset: {fileID: 0}
  m_GameObject: {fileID: 4368075389938620817}
  m_CullTransparentMesh: 1
--- !u!114 &1837524707019835007
MonoBehaviour:
  m_ObjectHideFlags: 0
  m_CorrespondingSourceObject: {fileID: 0}
  m_PrefabInstance: {fileID: 0}
  m_PrefabAsset: {fileID: 0}
  m_GameObject: {fileID: 4368075389938620817}
  m_Enabled: 1
  m_EditorHideFlags: 0
  m_Script: {fileID: 11500000, guid: fe87c0e1cc204ed48ad3b37840f39efc, type: 3}
  m_Name: 
  m_EditorClassIdentifier: 
  m_Material: {fileID: 0}
  m_Color: {r: 1, g: 1, b: 1, a: 1}
  m_RaycastTarget: 1
  m_RaycastPadding: {x: 0, y: 0, z: 0, w: 0}
  m_Maskable: 1
  m_OnCullStateChanged:
    m_PersistentCalls:
      m_Calls: []
  m_Sprite: {fileID: 21300000, guid: d2dc9a7e69ab5f34e92ebb60206852f3, type: 3}
  m_Type: 0
  m_PreserveAspect: 0
  m_FillCenter: 1
  m_FillMethod: 4
  m_FillAmount: 1
  m_FillClockwise: 1
  m_FillOrigin: 0
  m_UseSpriteMesh: 0
  m_PixelsPerUnitMultiplier: 1
--- !u!1 &8151457898288590956
GameObject:
  m_ObjectHideFlags: 0
  m_CorrespondingSourceObject: {fileID: 0}
  m_PrefabInstance: {fileID: 0}
  m_PrefabAsset: {fileID: 0}
  serializedVersion: 6
  m_Component:
  - component: {fileID: 6573038046615542313}
  - component: {fileID: 5229041838399554797}
  - component: {fileID: 1609343078373634346}
  - component: {fileID: 7020279484123770461}
  - component: {fileID: 8905631942645299638}
  m_Layer: 5
  m_Name: NeedHanBao
  m_TagString: Untagged
  m_Icon: {fileID: 0}
  m_NavMeshLayer: 0
  m_StaticEditorFlags: 0
  m_IsActive: 1
--- !u!224 &6573038046615542313
RectTransform:
  m_ObjectHideFlags: 0
  m_CorrespondingSourceObject: {fileID: 0}
  m_PrefabInstance: {fileID: 0}
  m_PrefabAsset: {fileID: 0}
  m_GameObject: {fileID: 8151457898288590956}
  m_LocalRotation: {x: 0, y: 0, z: 0, w: 1}
  m_LocalPosition: {x: 0, y: 0, z: 0}
  m_LocalScale: {x: 1, y: 1, z: 1}
  m_ConstrainProportionsScale: 0
  m_Children:
  - {fileID: 4742131643622507729}
  m_Father: {fileID: 0}
  m_RootOrder: 0
  m_LocalEulerAnglesHint: {x: 0, y: 0, z: 0}
  m_AnchorMin: {x: 0.5, y: 0.5}
  m_AnchorMax: {x: 0.5, y: 0.5}
  m_AnchoredPosition: {x: 0, y: 0}
  m_SizeDelta: {x: 64, y: 49}
  m_Pivot: {x: 0.5, y: 0.5}
--- !u!222 &5229041838399554797
CanvasRenderer:
  m_ObjectHideFlags: 0
  m_CorrespondingSourceObject: {fileID: 0}
  m_PrefabInstance: {fileID: 0}
  m_PrefabAsset: {fileID: 0}
  m_GameObject: {fileID: 8151457898288590956}
  m_CullTransparentMesh: 1
--- !u!114 &1609343078373634346
MonoBehaviour:
  m_ObjectHideFlags: 0
  m_CorrespondingSourceObject: {fileID: 0}
  m_PrefabInstance: {fileID: 0}
  m_PrefabAsset: {fileID: 0}
  m_GameObject: {fileID: 8151457898288590956}
  m_Enabled: 1
  m_EditorHideFlags: 0
  m_Script: {fileID: 11500000, guid: fe87c0e1cc204ed48ad3b37840f39efc, type: 3}
  m_Name: 
  m_EditorClassIdentifier: 
  m_Material: {fileID: 0}
  m_Color: {r: 1, g: 1, b: 1, a: 1}
  m_RaycastTarget: 1
  m_RaycastPadding: {x: 0, y: 0, z: 0, w: 0}
  m_Maskable: 1
  m_OnCullStateChanged:
    m_PersistentCalls:
      m_Calls: []
  m_Sprite: {fileID: 21300000, guid: 98a3f59922e8e5741b00b98050cc8240, type: 3}
  m_Type: 0
  m_PreserveAspect: 0
  m_FillCenter: 1
  m_FillMethod: 4
  m_FillAmount: 1
  m_FillClockwise: 1
  m_FillOrigin: 0
  m_UseSpriteMesh: 0
  m_PixelsPerUnitMultiplier: 1
--- !u!114 &7020279484123770461
MonoBehaviour:
  m_ObjectHideFlags: 0
  m_CorrespondingSourceObject: {fileID: 0}
  m_PrefabInstance: {fileID: 0}
  m_PrefabAsset: {fileID: 0}
  m_GameObject: {fileID: 8151457898288590956}
  m_Enabled: 1
  m_EditorHideFlags: 0
  m_Script: {fileID: 11500000, guid: d265e428dc98ba7408d021e165933753, type: 3}
  m_Name: 
  m_EditorClassIdentifier: 
  needFoodName: 
  otherFood:
  - {fileID: 3812874334230668418}
  - {fileID: 4738705891081504228}
  - {fileID: 7952842866321211373}
  - {fileID: 7138535645095862062}
  shapeChange: {fileID: 8905631942645299638}
--- !u!114 &8905631942645299638
MonoBehaviour:
  m_ObjectHideFlags: 0
  m_CorrespondingSourceObject: {fileID: 0}
  m_PrefabInstance: {fileID: 0}
  m_PrefabAsset: {fileID: 0}
  m_GameObject: {fileID: 8151457898288590956}
  m_Enabled: 1
  m_EditorHideFlags: 0
  m_Script: {fileID: 11500000, guid: ac790ca275502f540a870ea9939654e8, type: 3}
  m_Name: 
  m_EditorClassIdentifier: 
  changeItem: {fileID: 1555905813848823512}
--- !u!1001 &1653578596465259998
PrefabInstance:
  m_ObjectHideFlags: 0
  serializedVersion: 2
  m_Modification:
    m_TransformParent: {fileID: 4742131643622507729}
    m_Modifications:
    - target: {fileID: 594309655273634585, guid: e1298b8715418e240a5f63078c2a1792, type: 3}
      propertyPath: m_Pivot.x
      value: 0.5
      objectReference: {fileID: 0}
    - target: {fileID: 594309655273634585, guid: e1298b8715418e240a5f63078c2a1792, type: 3}
      propertyPath: m_Pivot.y
      value: 0.5
      objectReference: {fileID: 0}
    - target: {fileID: 594309655273634585, guid: e1298b8715418e240a5f63078c2a1792, type: 3}
      propertyPath: m_RootOrder
      value: 0
      objectReference: {fileID: 0}
    - target: {fileID: 594309655273634585, guid: e1298b8715418e240a5f63078c2a1792, type: 3}
      propertyPath: m_AnchorMax.x
      value: 0.5
      objectReference: {fileID: 0}
    - target: {fileID: 594309655273634585, guid: e1298b8715418e240a5f63078c2a1792, type: 3}
      propertyPath: m_AnchorMax.y
      value: 0.5
      objectReference: {fileID: 0}
    - target: {fileID: 594309655273634585, guid: e1298b8715418e240a5f63078c2a1792, type: 3}
      propertyPath: m_AnchorMin.x
      value: 0.5
      objectReference: {fileID: 0}
    - target: {fileID: 594309655273634585, guid: e1298b8715418e240a5f63078c2a1792, type: 3}
      propertyPath: m_AnchorMin.y
      value: 0.5
      objectReference: {fileID: 0}
    - target: {fileID: 594309655273634585, guid: e1298b8715418e240a5f63078c2a1792, type: 3}
      propertyPath: m_SizeDelta.x
      value: 146.5
      objectReference: {fileID: 0}
    - target: {fileID: 594309655273634585, guid: e1298b8715418e240a5f63078c2a1792, type: 3}
      propertyPath: m_SizeDelta.y
      value: 112.5
      objectReference: {fileID: 0}
    - target: {fileID: 594309655273634585, guid: e1298b8715418e240a5f63078c2a1792, type: 3}
      propertyPath: m_LocalPosition.x
      value: 0
      objectReference: {fileID: 0}
    - target: {fileID: 594309655273634585, guid: e1298b8715418e240a5f63078c2a1792, type: 3}
      propertyPath: m_LocalPosition.y
      value: 0
      objectReference: {fileID: 0}
    - target: {fileID: 594309655273634585, guid: e1298b8715418e240a5f63078c2a1792, type: 3}
      propertyPath: m_LocalPosition.z
      value: 0
      objectReference: {fileID: 0}
    - target: {fileID: 594309655273634585, guid: e1298b8715418e240a5f63078c2a1792, type: 3}
      propertyPath: m_LocalRotation.w
      value: 1
      objectReference: {fileID: 0}
    - target: {fileID: 594309655273634585, guid: e1298b8715418e240a5f63078c2a1792, type: 3}
      propertyPath: m_LocalRotation.x
      value: 0
      objectReference: {fileID: 0}
    - target: {fileID: 594309655273634585, guid: e1298b8715418e240a5f63078c2a1792, type: 3}
      propertyPath: m_LocalRotation.y
      value: 0
      objectReference: {fileID: 0}
    - target: {fileID: 594309655273634585, guid: e1298b8715418e240a5f63078c2a1792, type: 3}
      propertyPath: m_LocalRotation.z
      value: 0
      objectReference: {fileID: 0}
    - target: {fileID: 594309655273634585, guid: e1298b8715418e240a5f63078c2a1792, type: 3}
      propertyPath: m_AnchoredPosition.x
      value: -3.3
      objectReference: {fileID: 0}
    - target: {fileID: 594309655273634585, guid: e1298b8715418e240a5f63078c2a1792, type: 3}
      propertyPath: m_AnchoredPosition.y
      value: 13.4
      objectReference: {fileID: 0}
    - target: {fileID: 594309655273634585, guid: e1298b8715418e240a5f63078c2a1792, type: 3}
      propertyPath: m_LocalEulerAnglesHint.x
      value: 0
      objectReference: {fileID: 0}
    - target: {fileID: 594309655273634585, guid: e1298b8715418e240a5f63078c2a1792, type: 3}
      propertyPath: m_LocalEulerAnglesHint.y
      value: 0
      objectReference: {fileID: 0}
    - target: {fileID: 594309655273634585, guid: e1298b8715418e240a5f63078c2a1792, type: 3}
      propertyPath: m_LocalEulerAnglesHint.z
      value: 0
      objectReference: {fileID: 0}
    - target: {fileID: 2456922476484350300, guid: e1298b8715418e240a5f63078c2a1792, type: 3}
      propertyPath: m_Name
      value: HanBaoBeef
      objectReference: {fileID: 0}
    - target: {fileID: 2456922476484350300, guid: e1298b8715418e240a5f63078c2a1792, type: 3}
      propertyPath: m_IsActive
      value: 0
      objectReference: {fileID: 0}
    - target: {fileID: 6882382125162110647, guid: e1298b8715418e240a5f63078c2a1792, type: 3}
      propertyPath: m_Enabled
      value: 0
      objectReference: {fileID: 0}
    m_RemovedComponents:
    - {fileID: 6882382125162110647, guid: e1298b8715418e240a5f63078c2a1792, type: 3}
  m_SourcePrefab: {fileID: 100100000, guid: e1298b8715418e240a5f63078c2a1792, type: 3}
--- !u!224 &2219669349699636935 stripped
RectTransform:
  m_CorrespondingSourceObject: {fileID: 594309655273634585, guid: e1298b8715418e240a5f63078c2a1792, type: 3}
  m_PrefabInstance: {fileID: 1653578596465259998}
  m_PrefabAsset: {fileID: 0}
--- !u!1 &3812874334230668418 stripped
GameObject:
  m_CorrespondingSourceObject: {fileID: 2456922476484350300, guid: e1298b8715418e240a5f63078c2a1792, type: 3}
  m_PrefabInstance: {fileID: 1653578596465259998}
  m_PrefabAsset: {fileID: 0}
--- !u!1001 &2514009318593016196
PrefabInstance:
  m_ObjectHideFlags: 0
  serializedVersion: 2
  m_Modification:
    m_TransformParent: {fileID: 4742131643622507729}
    m_Modifications:
    - target: {fileID: 4491026719222918472, guid: d0a0489838923014587bb677f7e7454c, type: 3}
      propertyPath: m_Sprite
      value: 
      objectReference: {fileID: 21300000, guid: 8f523de143b0ac7418fdd8fd142e76ec, type: 3}
    - target: {fileID: 4752039224023527082, guid: d0a0489838923014587bb677f7e7454c, type: 3}
      propertyPath: m_Name
      value: HanBaoShengCai
      objectReference: {fileID: 0}
    - target: {fileID: 4752039224023527082, guid: d0a0489838923014587bb677f7e7454c, type: 3}
      propertyPath: m_IsActive
      value: 0
      objectReference: {fileID: 0}
    - target: {fileID: 7770247562036741359, guid: d0a0489838923014587bb677f7e7454c, type: 3}
      propertyPath: m_Pivot.x
      value: 0.5
      objectReference: {fileID: 0}
    - target: {fileID: 7770247562036741359, guid: d0a0489838923014587bb677f7e7454c, type: 3}
      propertyPath: m_Pivot.y
      value: 0.5
      objectReference: {fileID: 0}
    - target: {fileID: 7770247562036741359, guid: d0a0489838923014587bb677f7e7454c, type: 3}
      propertyPath: m_RootOrder
      value: 3
      objectReference: {fileID: 0}
    - target: {fileID: 7770247562036741359, guid: d0a0489838923014587bb677f7e7454c, type: 3}
      propertyPath: m_AnchorMax.x
      value: 0.5
      objectReference: {fileID: 0}
    - target: {fileID: 7770247562036741359, guid: d0a0489838923014587bb677f7e7454c, type: 3}
      propertyPath: m_AnchorMax.y
      value: 0.5
      objectReference: {fileID: 0}
    - target: {fileID: 7770247562036741359, guid: d0a0489838923014587bb677f7e7454c, type: 3}
      propertyPath: m_AnchorMin.x
      value: 0.5
      objectReference: {fileID: 0}
    - target: {fileID: 7770247562036741359, guid: d0a0489838923014587bb677f7e7454c, type: 3}
      propertyPath: m_AnchorMin.y
      value: 0.5
      objectReference: {fileID: 0}
    - target: {fileID: 7770247562036741359, guid: d0a0489838923014587bb677f7e7454c, type: 3}
      propertyPath: m_SizeDelta.x
      value: 152.3002
      objectReference: {fileID: 0}
    - target: {fileID: 7770247562036741359, guid: d0a0489838923014587bb677f7e7454c, type: 3}
      propertyPath: m_SizeDelta.y
      value: 117.5557
      objectReference: {fileID: 0}
    - target: {fileID: 7770247562036741359, guid: d0a0489838923014587bb677f7e7454c, type: 3}
      propertyPath: m_LocalPosition.x
      value: 0
      objectReference: {fileID: 0}
    - target: {fileID: 7770247562036741359, guid: d0a0489838923014587bb677f7e7454c, type: 3}
      propertyPath: m_LocalPosition.y
      value: 0
      objectReference: {fileID: 0}
    - target: {fileID: 7770247562036741359, guid: d0a0489838923014587bb677f7e7454c, type: 3}
      propertyPath: m_LocalPosition.z
      value: 0
      objectReference: {fileID: 0}
    - target: {fileID: 7770247562036741359, guid: d0a0489838923014587bb677f7e7454c, type: 3}
      propertyPath: m_LocalRotation.w
      value: 1
      objectReference: {fileID: 0}
    - target: {fileID: 7770247562036741359, guid: d0a0489838923014587bb677f7e7454c, type: 3}
      propertyPath: m_LocalRotation.x
      value: 0
      objectReference: {fileID: 0}
    - target: {fileID: 7770247562036741359, guid: d0a0489838923014587bb677f7e7454c, type: 3}
      propertyPath: m_LocalRotation.y
      value: 0
      objectReference: {fileID: 0}
    - target: {fileID: 7770247562036741359, guid: d0a0489838923014587bb677f7e7454c, type: 3}
      propertyPath: m_LocalRotation.z
      value: 0
      objectReference: {fileID: 0}
    - target: {fileID: 7770247562036741359, guid: d0a0489838923014587bb677f7e7454c, type: 3}
      propertyPath: m_AnchoredPosition.x
      value: -7.3
      objectReference: {fileID: 0}
    - target: {fileID: 7770247562036741359, guid: d0a0489838923014587bb677f7e7454c, type: 3}
      propertyPath: m_AnchoredPosition.y
      value: 26.6
      objectReference: {fileID: 0}
    - target: {fileID: 7770247562036741359, guid: d0a0489838923014587bb677f7e7454c, type: 3}
      propertyPath: m_LocalEulerAnglesHint.x
      value: 0
      objectReference: {fileID: 0}
    - target: {fileID: 7770247562036741359, guid: d0a0489838923014587bb677f7e7454c, type: 3}
      propertyPath: m_LocalEulerAnglesHint.y
      value: 0
      objectReference: {fileID: 0}
    - target: {fileID: 7770247562036741359, guid: d0a0489838923014587bb677f7e7454c, type: 3}
      propertyPath: m_LocalEulerAnglesHint.z
      value: 0
      objectReference: {fileID: 0}
    m_RemovedComponents: []
  m_SourcePrefab: {fileID: 100100000, guid: d0a0489838923014587bb677f7e7454c, type: 3}
--- !u!224 &5275677632804533611 stripped
RectTransform:
  m_CorrespondingSourceObject: {fileID: 7770247562036741359, guid: d0a0489838923014587bb677f7e7454c, type: 3}
  m_PrefabInstance: {fileID: 2514009318593016196}
  m_PrefabAsset: {fileID: 0}
--- !u!1 &7138535645095862062 stripped
GameObject:
  m_CorrespondingSourceObject: {fileID: 4752039224023527082, guid: d0a0489838923014587bb677f7e7454c, type: 3}
  m_PrefabInstance: {fileID: 2514009318593016196}
  m_PrefabAsset: {fileID: 0}
--- !u!1001 &3285745979613745867
PrefabInstance:
  m_ObjectHideFlags: 0
  serializedVersion: 2
  m_Modification:
    m_TransformParent: {fileID: 4742131643622507729}
    m_Modifications:
    - target: {fileID: 1439995294976152781, guid: e32285eaff3b8f14ea1248b8aa684ec9, type: 3}
      propertyPath: m_Sprite
      value: 
      objectReference: {fileID: 21300000, guid: 1e6280d9d14c0bd4fa476e2adfaf099e, type: 3}
    - target: {fileID: 5079435770890288490, guid: e32285eaff3b8f14ea1248b8aa684ec9, type: 3}
      propertyPath: m_Pivot.x
      value: 0.5
      objectReference: {fileID: 0}
    - target: {fileID: 5079435770890288490, guid: e32285eaff3b8f14ea1248b8aa684ec9, type: 3}
      propertyPath: m_Pivot.y
      value: 0.5
      objectReference: {fileID: 0}
    - target: {fileID: 5079435770890288490, guid: e32285eaff3b8f14ea1248b8aa684ec9, type: 3}
      propertyPath: m_RootOrder
      value: 1
      objectReference: {fileID: 0}
    - target: {fileID: 5079435770890288490, guid: e32285eaff3b8f14ea1248b8aa684ec9, type: 3}
      propertyPath: m_AnchorMax.x
      value: 0.5
      objectReference: {fileID: 0}
    - target: {fileID: 5079435770890288490, guid: e32285eaff3b8f14ea1248b8aa684ec9, type: 3}
      propertyPath: m_AnchorMax.y
      value: 0.5
      objectReference: {fileID: 0}
    - target: {fileID: 5079435770890288490, guid: e32285eaff3b8f14ea1248b8aa684ec9, type: 3}
      propertyPath: m_AnchorMin.x
      value: 0.5
      objectReference: {fileID: 0}
    - target: {fileID: 5079435770890288490, guid: e32285eaff3b8f14ea1248b8aa684ec9, type: 3}
      propertyPath: m_AnchorMin.y
      value: 0.5
      objectReference: {fileID: 0}
    - target: {fileID: 5079435770890288490, guid: e32285eaff3b8f14ea1248b8aa684ec9, type: 3}
      propertyPath: m_SizeDelta.x
      value: 121.8038
      objectReference: {fileID: 0}
    - target: {fileID: 5079435770890288490, guid: e32285eaff3b8f14ea1248b8aa684ec9, type: 3}
      propertyPath: m_SizeDelta.y
      value: 95.1717
      objectReference: {fileID: 0}
    - target: {fileID: 5079435770890288490, guid: e32285eaff3b8f14ea1248b8aa684ec9, type: 3}
      propertyPath: m_LocalPosition.x
      value: 0
      objectReference: {fileID: 0}
    - target: {fileID: 5079435770890288490, guid: e32285eaff3b8f14ea1248b8aa684ec9, type: 3}
      propertyPath: m_LocalPosition.y
      value: 0
      objectReference: {fileID: 0}
    - target: {fileID: 5079435770890288490, guid: e32285eaff3b8f14ea1248b8aa684ec9, type: 3}
      propertyPath: m_LocalPosition.z
      value: 0
      objectReference: {fileID: 0}
    - target: {fileID: 5079435770890288490, guid: e32285eaff3b8f14ea1248b8aa684ec9, type: 3}
      propertyPath: m_LocalRotation.w
      value: 1
      objectReference: {fileID: 0}
    - target: {fileID: 5079435770890288490, guid: e32285eaff3b8f14ea1248b8aa684ec9, type: 3}
      propertyPath: m_LocalRotation.x
      value: 0
      objectReference: {fileID: 0}
    - target: {fileID: 5079435770890288490, guid: e32285eaff3b8f14ea1248b8aa684ec9, type: 3}
      propertyPath: m_LocalRotation.y
      value: 0
      objectReference: {fileID: 0}
    - target: {fileID: 5079435770890288490, guid: e32285eaff3b8f14ea1248b8aa684ec9, type: 3}
      propertyPath: m_LocalRotation.z
      value: 0
      objectReference: {fileID: 0}
    - target: {fileID: 5079435770890288490, guid: e32285eaff3b8f14ea1248b8aa684ec9, type: 3}
      propertyPath: m_AnchoredPosition.x
      value: -0.5
      objectReference: {fileID: 0}
    - target: {fileID: 5079435770890288490, guid: e32285eaff3b8f14ea1248b8aa684ec9, type: 3}
      propertyPath: m_AnchoredPosition.y
      value: -3.204
      objectReference: {fileID: 0}
    - target: {fileID: 5079435770890288490, guid: e32285eaff3b8f14ea1248b8aa684ec9, type: 3}
      propertyPath: m_LocalEulerAnglesHint.x
      value: 0
      objectReference: {fileID: 0}
    - target: {fileID: 5079435770890288490, guid: e32285eaff3b8f14ea1248b8aa684ec9, type: 3}
      propertyPath: m_LocalEulerAnglesHint.y
      value: 0
      objectReference: {fileID: 0}
    - target: {fileID: 5079435770890288490, guid: e32285eaff3b8f14ea1248b8aa684ec9, type: 3}
      propertyPath: m_LocalEulerAnglesHint.z
      value: 0
      objectReference: {fileID: 0}
    - target: {fileID: 7807574249551255343, guid: e32285eaff3b8f14ea1248b8aa684ec9, type: 3}
      propertyPath: m_Name
      value: HanBaoNaiNao
      objectReference: {fileID: 0}
    - target: {fileID: 7807574249551255343, guid: e32285eaff3b8f14ea1248b8aa684ec9, type: 3}
      propertyPath: m_IsActive
      value: 0
      objectReference: {fileID: 0}
    m_RemovedComponents: []
  m_SourcePrefab: {fileID: 100100000, guid: e32285eaff3b8f14ea1248b8aa684ec9, type: 3}
--- !u!1 &4738705891081504228 stripped
GameObject:
  m_CorrespondingSourceObject: {fileID: 7807574249551255343, guid: e32285eaff3b8f14ea1248b8aa684ec9, type: 3}
  m_PrefabInstance: {fileID: 3285745979613745867}
  m_PrefabAsset: {fileID: 0}
--- !u!224 &7774505315694309281 stripped
RectTransform:
  m_CorrespondingSourceObject: {fileID: 5079435770890288490, guid: e32285eaff3b8f14ea1248b8aa684ec9, type: 3}
  m_PrefabInstance: {fileID: 3285745979613745867}
  m_PrefabAsset: {fileID: 0}
--- !u!1001 &6913980271809266268
PrefabInstance:
  m_ObjectHideFlags: 0
  serializedVersion: 2
  m_Modification:
    m_TransformParent: {fileID: 4742131643622507729}
    m_Modifications:
    - target: {fileID: 1984570786592954356, guid: b87fa3e2c80f2034ea16a2664bc854c6, type: 3}
      propertyPath: m_Pivot.x
      value: 0.5
      objectReference: {fileID: 0}
    - target: {fileID: 1984570786592954356, guid: b87fa3e2c80f2034ea16a2664bc854c6, type: 3}
      propertyPath: m_Pivot.y
      value: 0.5
      objectReference: {fileID: 0}
    - target: {fileID: 1984570786592954356, guid: b87fa3e2c80f2034ea16a2664bc854c6, type: 3}
      propertyPath: m_RootOrder
      value: 2
      objectReference: {fileID: 0}
    - target: {fileID: 1984570786592954356, guid: b87fa3e2c80f2034ea16a2664bc854c6, type: 3}
      propertyPath: m_AnchorMax.x
      value: 0.5
      objectReference: {fileID: 0}
    - target: {fileID: 1984570786592954356, guid: b87fa3e2c80f2034ea16a2664bc854c6, type: 3}
      propertyPath: m_AnchorMax.y
      value: 0.5
      objectReference: {fileID: 0}
    - target: {fileID: 1984570786592954356, guid: b87fa3e2c80f2034ea16a2664bc854c6, type: 3}
      propertyPath: m_AnchorMin.x
      value: 0.5
      objectReference: {fileID: 0}
    - target: {fileID: 1984570786592954356, guid: b87fa3e2c80f2034ea16a2664bc854c6, type: 3}
      propertyPath: m_AnchorMin.y
      value: 0.5
      objectReference: {fileID: 0}
    - target: {fileID: 1984570786592954356, guid: b87fa3e2c80f2034ea16a2664bc854c6, type: 3}
      propertyPath: m_SizeDelta.x
      value: 147.1633
      objectReference: {fileID: 0}
    - target: {fileID: 1984570786592954356, guid: b87fa3e2c80f2034ea16a2664bc854c6, type: 3}
      propertyPath: m_SizeDelta.y
      value: 99.042
      objectReference: {fileID: 0}
    - target: {fileID: 1984570786592954356, guid: b87fa3e2c80f2034ea16a2664bc854c6, type: 3}
      propertyPath: m_LocalPosition.x
      value: 0
      objectReference: {fileID: 0}
    - target: {fileID: 1984570786592954356, guid: b87fa3e2c80f2034ea16a2664bc854c6, type: 3}
      propertyPath: m_LocalPosition.y
      value: 0
      objectReference: {fileID: 0}
    - target: {fileID: 1984570786592954356, guid: b87fa3e2c80f2034ea16a2664bc854c6, type: 3}
      propertyPath: m_LocalPosition.z
      value: 0
      objectReference: {fileID: 0}
    - target: {fileID: 1984570786592954356, guid: b87fa3e2c80f2034ea16a2664bc854c6, type: 3}
      propertyPath: m_LocalRotation.w
      value: 1
      objectReference: {fileID: 0}
    - target: {fileID: 1984570786592954356, guid: b87fa3e2c80f2034ea16a2664bc854c6, type: 3}
      propertyPath: m_LocalRotation.x
      value: 0
      objectReference: {fileID: 0}
    - target: {fileID: 1984570786592954356, guid: b87fa3e2c80f2034ea16a2664bc854c6, type: 3}
      propertyPath: m_LocalRotation.y
      value: 0
      objectReference: {fileID: 0}
    - target: {fileID: 1984570786592954356, guid: b87fa3e2c80f2034ea16a2664bc854c6, type: 3}
      propertyPath: m_LocalRotation.z
      value: 0
      objectReference: {fileID: 0}
    - target: {fileID: 1984570786592954356, guid: b87fa3e2c80f2034ea16a2664bc854c6, type: 3}
      propertyPath: m_AnchoredPosition.x
      value: -1.3
      objectReference: {fileID: 0}
    - target: {fileID: 1984570786592954356, guid: b87fa3e2c80f2034ea16a2664bc854c6, type: 3}
      propertyPath: m_AnchoredPosition.y
      value: 17.1
      objectReference: {fileID: 0}
    - target: {fileID: 1984570786592954356, guid: b87fa3e2c80f2034ea16a2664bc854c6, type: 3}
      propertyPath: m_LocalEulerAnglesHint.x
      value: 0
      objectReference: {fileID: 0}
    - target: {fileID: 1984570786592954356, guid: b87fa3e2c80f2034ea16a2664bc854c6, type: 3}
      propertyPath: m_LocalEulerAnglesHint.y
      value: 0
      objectReference: {fileID: 0}
    - target: {fileID: 1984570786592954356, guid: b87fa3e2c80f2034ea16a2664bc854c6, type: 3}
      propertyPath: m_LocalEulerAnglesHint.z
      value: 0
      objectReference: {fileID: 0}
    - target: {fileID: 3579596579307470257, guid: b87fa3e2c80f2034ea16a2664bc854c6, type: 3}
      propertyPath: m_Name
      value: HanBaoYangCong
      objectReference: {fileID: 0}
    - target: {fileID: 3579596579307470257, guid: b87fa3e2c80f2034ea16a2664bc854c6, type: 3}
      propertyPath: m_IsActive
      value: 0
      objectReference: {fileID: 0}
    - target: {fileID: 5624080458320445011, guid: b87fa3e2c80f2034ea16a2664bc854c6, type: 3}
      propertyPath: m_Sprite
      value: 
      objectReference: {fileID: 21300000, guid: 992c2671401f19b47b3576a8bac60405, type: 3}
    m_RemovedComponents: []
  m_SourcePrefab: {fileID: 100100000, guid: b87fa3e2c80f2034ea16a2664bc854c6, type: 3}
--- !u!224 &4934248582799529384 stripped
RectTransform:
  m_CorrespondingSourceObject: {fileID: 1984570786592954356, guid: b87fa3e2c80f2034ea16a2664bc854c6, type: 3}
  m_PrefabInstance: {fileID: 6913980271809266268}
  m_PrefabAsset: {fileID: 0}
--- !u!1 &7952842866321211373 stripped
GameObject:
  m_CorrespondingSourceObject: {fileID: 3579596579307470257, guid: b87fa3e2c80f2034ea16a2664bc854c6, type: 3}
  m_PrefabInstance: {fileID: 6913980271809266268}
  m_PrefabAsset: {fileID: 0}
